[gd_scene load_steps=7 format=2]

[ext_resource path="res://Scripts/Tree.gd" type="Script" id=1]
[ext_resource path="res://assets/img/animable/tronc.png" type="Texture" id=2]
[ext_resource path="res://assets/img/animable/leaf1.png" type="Texture" id=3]
[ext_resource path="res://assets/img/animable/leaf3.png" type="Texture" id=4]
[ext_resource path="res://assets/img/animable/leaf2.png" type="Texture" id=5]

[sub_resource type="Animation" id=1]

resource_name = "Move"
length = 7.0
loop = false
step = 0.1
tracks/0/type = "value"
tracks/0/path = NodePath("Sprite:position")
tracks/0/interp = 1
tracks/0/loop_wrap = true
tracks/0/imported = false
tracks/0/enabled = true
tracks/0/keys = {
"times": PoolRealArray( 0, 2, 3, 5, 6.9 ),
"transitions": PoolRealArray( 1, 1, 1, 1, 1 ),
"update": 0,
"values": [ Vector2( 0, 0 ), Vector2( 5, 0 ), Vector2( 0, 0 ), Vector2( 5, 0 ), Vector2( 0, 0 ) ]
}
tracks/1/type = "value"
tracks/1/path = NodePath("Leafs:position")
tracks/1/interp = 1
tracks/1/loop_wrap = true
tracks/1/imported = false
tracks/1/enabled = true
tracks/1/keys = {
"times": PoolRealArray( 0, 2.2, 3.1, 5.1, 7 ),
"transitions": PoolRealArray( 1, 1, 1, 1, 1 ),
"update": 0,
"values": [ Vector2( 0, 0 ), Vector2( 17, 0 ), Vector2( 3, 0 ), Vector2( 12, 0 ), Vector2( 0, 0 ) ]
}
tracks/2/type = "value"
tracks/2/path = NodePath("Leafs/Sprite:position")
tracks/2/interp = 1
tracks/2/loop_wrap = true
tracks/2/imported = false
tracks/2/enabled = true
tracks/2/keys = {
"times": PoolRealArray( 0, 2, 3, 4, 5, 6.9 ),
"transitions": PoolRealArray( 1, 1, 1, 1, 1, 1 ),
"update": 0,
"values": [ Vector2( 155.044, -206.726 ), Vector2( 150, -208 ), Vector2( 155, -209 ), Vector2( 152.5, -210 ), Vector2( 150, -209 ), Vector2( 155.044, -206.726 ) ]
}
tracks/3/type = "value"
tracks/3/path = NodePath("Leafs/Sprite3:position")
tracks/3/interp = 1
tracks/3/loop_wrap = true
tracks/3/imported = false
tracks/3/enabled = true
tracks/3/keys = {
"times": PoolRealArray( 0, 3.5, 7 ),
"transitions": PoolRealArray( 1, 1, 1 ),
"update": 0,
"values": [ Vector2( -223.953, -81.5 ), Vector2( -223.953, -90 ), Vector2( -223.953, -81.5 ) ]
}

[node name="Tree" type="Node2D"]

script = ExtResource( 1 )

[node name="Sprite" type="Sprite" parent="." index="0"]

texture = ExtResource( 2 )
_sections_unfolded = [ "Transform" ]

[node name="Sprite4" type="Sprite" parent="Sprite" index="0"]

position = Vector2( 215.572, -39.1103 )
rotation = -0.679731
scale = Vector2( 0.5, 0.5 )
texture = ExtResource( 3 )
_sections_unfolded = [ "Transform" ]

[node name="Sprite5" type="Sprite" parent="Sprite" index="1"]

position = Vector2( 196.017, -109.416 )
rotation = 2.81124
scale = Vector2( 0.25, 0.25 )
texture = ExtResource( 3 )
_sections_unfolded = [ "Transform" ]

[node name="Leafs" type="Node2D" parent="." index="1"]

_sections_unfolded = [ "Transform" ]

[node name="Sprite" type="Sprite" parent="Leafs" index="0"]

position = Vector2( 155.044, -206.726 )
texture = ExtResource( 4 )
_sections_unfolded = [ "Transform" ]

[node name="Sprite2" type="Sprite" parent="Leafs" index="1"]

position = Vector2( -123.384, -257.01 )
texture = ExtResource( 5 )

[node name="Sprite3" type="Sprite" parent="Leafs" index="2"]

position = Vector2( -223.953, -81.5 )
texture = ExtResource( 3 )
_sections_unfolded = [ "Transform" ]

[node name="Animation" type="AnimationPlayer" parent="." index="2"]

root_node = NodePath("..")
autoplay = ""
playback_process_mode = 1
playback_default_blend_time = 0.0
playback_speed = 1.0
anims/Move = SubResource( 1 )
blend_times = [  ]


